<?xml version="1.0" encoding="UTF-8"?><collection xmlns="http://www.loc.gov/MARC21/slim"><record><leader>00543nam--2200193-i-4500</leader><controlfield tag="001">000013128</controlfield><controlfield tag="002">20161230</controlfield><controlfield tag="005">20161230201030</controlfield><controlfield tag="008">060222s1000------------r-----000-0-eng-d</controlfield><datafield ind1=" " ind2=" " tag="020"><subfield code="a">0125742509</subfield></datafield><datafield ind1=" " ind2=" " tag="040"><subfield code="a">IFIN-HH</subfield></datafield><datafield ind1=" " ind2=" " tag="080"><subfield code="a">519.6</subfield></datafield><datafield ind1="1" ind2=" " tag="100"><subfield code="a">Rabinowitz, Paul H</subfield></datafield><datafield ind1="1" ind2="0" tag="245"><subfield code="a">Applications of bifurcation theory</subfield><subfield code="c">Paul h. rabinowitz (ed.)</subfield></datafield><datafield ind1=" " ind2=" " tag="260"><subfield code="a">New York</subfield><subfield code="b">Academic Press, Inc</subfield><subfield code="c">1977</subfield></datafield><datafield ind1=" " ind2=" " tag="300"><subfield code="a">IX + 389 P</subfield></datafield><datafield ind1=" " ind2=" " tag="490"><subfield code="a">Academic Press Rapid Manuscript Reproduction</subfield></datafield><datafield ind1=" " ind2=" " tag="852"><subfield code="a">47255</subfield><subfield code="c">519.4/5</subfield></datafield><datafield ind1=" " ind2=" " tag="CAT"><subfield code="a">Sys</subfield><subfield code="c">20130814</subfield><subfield code="h">122908</subfield></datafield></record></collection>